<?xml version="1.0" encoding="UTF-8"?><collection xmlns="http://www.loc.gov/MARC21/slim"><record><leader>00561nam--2200193-u-4500</leader><controlfield tag="001">000054052</controlfield><controlfield tag="002">20161230</controlfield><controlfield tag="005">20161230201051</controlfield><controlfield tag="008">110801s1000------------r-----000-0-rus-d</controlfield><datafield ind1=" " ind2=" " tag="040"><subfield code="a">IFIN-HH</subfield></datafield><datafield ind1=" " ind2=" " tag="041"><subfield code="a">rus</subfield></datafield><datafield ind1=" " ind2=" " tag="080"><subfield code="a">537.222.22:541.64</subfield></datafield><datafield ind1="1" ind2=" " tag="100"><subfield code="a">Boguslavskii, L.I</subfield></datafield><datafield ind1="1" ind2="0" tag="245"><subfield code="a">Organiceskie poluprovodniki i biopolimeri</subfield><subfield code="b">Elektroprovodnosti i fiziko-himiceskie svoistva</subfield><subfield code="c">L.i. boguslavskii, a.v. vannikov</subfield></datafield><datafield ind1=" " ind2=" " tag="260"><subfield code="a">Moskva</subfield><subfield code="b">Nauka</subfield><subfield code="c">1968</subfield></datafield><datafield ind1=" " ind2=" " tag="300"><subfield code="a">153P</subfield></datafield><datafield ind1="1" ind2=" " tag="700"><subfield code="a">Vannikov, A.V</subfield></datafield><datafield ind1=" " ind2=" " tag="852"><subfield code="a">75181</subfield><subfield code="c">537.311.33</subfield></datafield><datafield ind1=" " ind2=" " tag="CAT"><subfield code="a">Sys</subfield><subfield code="c">20110801</subfield><subfield code="h">092254</subfield></datafield></record></collection>